@online{PJZZoRfZVMc9ZRlw,
	author = {Cam Nugent},
	journal = {Kaggle},
	title = {California Housing Prices},
	urldate = {2022-01-19},
	url = {https://www.kaggle.com/camnugent/california-housing-prices},
}

@online{IgcWaW8BViU6zM4T,
	journal = {Wikipedia: the free encyclopedia},
	title = {K-means clustering},
	publisher = {Wikimedia Foundation},
	address = {San Francisco (CA)},
	year = {2001-},
	urldate = {2022-01-18},
	url = {https://en.wikipedia.org/wiki/K-means_clustering},
}

@online{Sharma19082019,
	author = {Pulkit Sharma},
	journal = {Analytics Vidhya},
	title = {The Most Comprehensive Guide to K-Means Clustering Youâ€™ll Ever Need},
	year = {2019},
	urldate = {2022-01-18},
	url = {https://www.analyticsvidhya.com/blog/2019/08/comprehensive-guide-k-means-clustering/},
}

